<?xml version="1.0" encoding="UTF-8"?><collection xmlns="http://www.loc.gov/MARC21/slim"><record><leader>00468nam--2200157-i-4500</leader><controlfield tag="001">000028430</controlfield><controlfield tag="002">20161230</controlfield><controlfield tag="005">20161230201037</controlfield><controlfield tag="008">060222s1000------------r-----000-0-eng-d</controlfield><datafield ind1=" " ind2=" " tag="040"><subfield code="a">IFIN-HH</subfield></datafield><datafield ind1=" " ind2=" " tag="080"><subfield code="a">517.958</subfield></datafield><datafield ind1=" " ind2=" " tag="100"><subfield code="a">Lense, Josef</subfield></datafield><datafield ind1=" " ind2=" " tag="245"><subfield code="a">Reihenentwicklungen in der mathematischen physik. mit 48 abbildunge. dritte, verbesserte auflage</subfield></datafield><datafield ind1=" " ind2=" " tag="260"><subfield code="a">Berlin, Walter De Gruyter And Co., 1953, 216p</subfield></datafield><datafield ind1=" " ind2=" " tag="852"><subfield code="a">76710</subfield><subfield code="c">517.9</subfield></datafield><datafield ind1=" " ind2=" " tag="CAT"><subfield code="a">Sys</subfield><subfield code="c">20090528</subfield><subfield code="h">073932</subfield></datafield></record></collection>